@article{blei2003latent,
  title={Latent dirichlet allocation},
  author={Blei, David M and Ng, Andrew Y and Jordan, Michael I},
  journal={Journal of machine Learning research},
  volume={3},
  number={Jan},
  pages={993--1022},
  year={2003}
}
@article{valle2014decomposing,
  title={Decomposing biodiversity data using the Latent Dirichlet Allocation
    model, a probabilistic multivariate statistical method},
  author={Valle, Denis and Baiser, Benjamin and Woodall, Christopher W and
    Chazdon, Robin},
  journal={Ecology letters},
  volume={17},
  number={12},
  pages={1591--1601},
  year={2014},
  publisher={Wiley Online Library}
}
