@article{ferrier2006spatial,
  title={Spatial modelling of biodiversity at the community level},
  author={Ferrier, Simon and Guisan, Antoine},
  journal={Journal of applied ecology},
  volume={43},
  number={3},
  pages={393--404},
  year={2006},
  publisher={Wiley Online Library}
}
@article{shmueli2005useful,
  title={A useful distribution for fitting discrete data: revival of the
    Conway--Maxwell--Poisson distribution},
  author={Shmueli, Galit and Minka, Thomas P and Kadane, Joseph B and Borle,
    Sharad and Boatwright, Peter},
  journal={Journal of the Royal Statistical Society: Series C (Applied
      Statistics)},
  volume={54},
  number={1},
  pages={127--142},
  year={2005},
  publisher={Wiley Online Library}
}
